<?xml version="1.0" encoding="UTF-8"?>
<marc:collection xmlns:marc="http://www.loc.gov/MARC21/slim" xmlns:xsi="http://www.w3.org/2001/XMLSchema-instance" xsi:schemaLocation="http://www.loc.gov/MARC21/slim http://www.loc.gov/standards/marcxml/schema/MARC21slim.xsd">
   <marc:record type="Bibliographic">
      <marc:leader>01788cam a2200265 a 4500</marc:leader>
      <marc:controlfield tag="001">901146</marc:controlfield>
      <marc:controlfield tag="003">NjP</marc:controlfield>
      <marc:controlfield tag="005">20161027171525.0</marc:controlfield>
      <marc:controlfield tag="008">940718m19909999ir ah    b    00010 ara d</marc:controlfield>
      <marc:datafield tag="024" ind1="7" ind2=" ">
         <marc:subfield code="a">princeton_aco001252</marc:subfield>
         <marc:subfield code="2">local</marc:subfield>
      </marc:datafield>
      <marc:datafield tag="035" ind1=" " ind2=" ">
         <marc:subfield code="a">(OCoLC)30849913</marc:subfield>
      </marc:datafield>
      <marc:datafield tag="035" ind1=" " ind2=" ">
         <marc:subfield code="a">(CStRLIN)NJPG94-B41396</marc:subfield>
      </marc:datafield>
      <marc:datafield tag="035" ind1=" " ind2=" ">
         <marc:subfield code="9">CBG2116TS</marc:subfield>
      </marc:datafield>
      <marc:datafield tag="040" ind1=" " ind2=" ">
         <marc:subfield code="a">NjP</marc:subfield>
         <marc:subfield code="c">NjP</marc:subfield>
      </marc:datafield>
      <marc:datafield tag="100" ind1="2" ind2=" ">
         <marc:subfield code="a">Āghā Buzurg al-Ṭihrānī, Muḥammad Muḥsin,</marc:subfield>
         <marc:subfield code="d">1875-1970.</marc:subfield>
         <marc:subfield code="0">(uri)http://id.loc.gov/authorities/names/n88254131</marc:subfield>
      </marc:datafield>
      <marc:datafield tag="245" ind1="1" ind2="0">
         <marc:subfield code="a">Ṭabaqāt aʻlām al-Shīʻah /</marc:subfield>
         <marc:subfield code="c">taʾlīf Āghā Buzurg al-Ṭihrānī ; taḥqīq ʻAlī Naqī Munzawī.</marc:subfield>
      </marc:datafield>
      <marc:datafield tag="250" ind1=" " ind2=" ">
         <marc:subfield code="a">al-Ṭabʻah 2.</marc:subfield>
      </marc:datafield>
      <marc:datafield tag="260" ind1=" " ind2=" ">
         <marc:subfield code="a">Qum :</marc:subfield>
         <marc:subfield code="b">Muʾassasat Ismāʻīlīyān,</marc:subfield>
         <marc:subfield code="c">[199- ]</marc:subfield>
      </marc:datafield>
      <marc:datafield tag="300" ind1=" " ind2=" ">
         <marc:subfield code="a">v. in :</marc:subfield>
         <marc:subfield code="b">ill., facsims. ;</marc:subfield>
         <marc:subfield code="c">25 cm.</marc:subfield>
      </marc:datafield>
      <marc:datafield tag="440" ind1=" " ind2="0">
         <marc:subfield code="a">Min turāthinā ;</marc:subfield>
         <marc:subfield code="v">1</marc:subfield>
      </marc:datafield>
      <marc:datafield tag="504" ind1=" " ind2=" ">
         <marc:subfield code="a">Includes bibliographical references.</marc:subfield>
      </marc:datafield>
      <marc:datafield tag="505" ind1="1" ind2=" ">
         <marc:subfield code="a">al-mujallad 1. al-Qarn al-rābiʻ, wa-huwa, Nawābigh al-ruwāt fī rābiʻah al-miʾāt -- al-mujallad 2. al-Qarn al-khāmis wa-al-sādis, wa-huwa, al-Nābis fī al-qarn al-khāmis [wa] Thaqāt al-ʻuyūn fī sādis al-qurūn -- al-mujallad 3. al-Qarn al-sābiʻ wa-al-thāmin, [wa-huwa] al-Anwār al-sāṭiʻah fī al-miʾah al-sābiʻah, [wa] al-Ḥaqāʾiq al-rāhinah fī al-miʾah al-thāminah -- al-mujallad 4. al-Qarn al-tāsiʻ wa-al-ʻāshir, [wa-huwa], al-Diyāʾ al-lāmiḥ fī al-qarn al-tāsiʻ [wa] Iḥyāʾ al-dāthir min al-qarn al-ʻāshir -- al-mujallad 5. al-Qarn al-ḥādī ʻashar -- al-mujallad 6. al-Kawākib al-muntashirah fī al-qarn al-thānī baʻda al-ʻasharah.</marc:subfield>
      </marc:datafield>
      <marc:datafield tag="650" ind1=" " ind2="0">
         <marc:subfield code="a">Shiites</marc:subfield>
         <marc:subfield code="x">Biography.</marc:subfield>
         <marc:subfield code="0">(uri)http://id.loc.gov/authorities/subjects/sh2008111229</marc:subfield>
      </marc:datafield>
      <marc:datafield tag="700" ind1="1" ind2=" ">
         <marc:subfield code="a">Munzawī, ʻAlī Naqī.</marc:subfield>
      </marc:datafield>
      <marc:datafield tag="998" ind1=" " ind2=" ">
         <marc:subfield code="a">12/19/94</marc:subfield>
         <marc:subfield code="s">9114</marc:subfield>
         <marc:subfield code="n">NjP</marc:subfield>
         <marc:subfield code="w">MIUH94B3329</marc:subfield>
         <marc:subfield code="d">07/18/94</marc:subfield>
         <marc:subfield code="c">KC</marc:subfield>
         <marc:subfield code="b">KC</marc:subfield>
         <marc:subfield code="i">941219</marc:subfield>
         <marc:subfield code="l">NJPG</marc:subfield>
      </marc:datafield>
      <marc:datafield tag="911" ind1=" " ind2=" ">
         <marc:subfield code="a">19950105</marc:subfield>
      </marc:datafield>
      <marc:datafield tag="912" ind1=" " ind2=" ">
         <marc:subfield code="a">19941219000000.0</marc:subfield>
      </marc:datafield>
   </marc:record>
</marc:collection>
